Original Gleason score paper :
@book { cite_gleason_score,
	author={Tannenbaum \& Myron},
	title={Urologic pathology : the prostate},
	year={1977},
	pages={171--198},
	publisher={Lea \& Febiger}
}

Source for LSFM microscopy : (french)
@article { cite_lsfm_explication_girard,
	title={Microscopie de fluorescence {\`a} feuille de lumi{\`e}re-La face cach{\'e}e de l’{\'e}chantillon enfin d{\'e}voil{\'e}e},
	author={Girard, Philippe P and Forget, Beno{\^\i}t C},
	journal={m{\'e}decine/sciences},
	volume={27},
	number={8-9},
	pages={753--762},
	year={2011},
	publisher={{\'E}ditions EDK, Groupe EDP Sciences},
	doi={10.1051/medsci/2011278018},
	url={https://doi.org/10.1051/medsci/2011278018}
}

Source for SPIM imagery :
@article{ cite_spim_explication_original,
	author = {Huisken, Jan and Swoger, Jim and Del Bene, Filippo and Wittbrodt, Joachim and Stelzer, Ernst H. K.},
	title = {Optical Sectioning Deep Inside Live Embryos by Selective Plane Illumination Microscopy},
	volume = {305},
	number = {5686},
	pages = {1007--1009},
	year = {2004},
	doi = {10.1126/science.1100035},
	publisher = {American Association for the Advancement of Science},
	abstract = {Large, living biological specimens present challenges to existing optical imaging techniques because of their absorptive and scattering properties. We developed selective plane illumination microscopy (SPIM) to generate multidimensional images of samples up to a few millimeters in size. The system combines two-dimensional illumination with orthogonal camera-based detection to achieve high-resolution, optically sectioned imaging throughout the sample, with minimal photodamage and at speeds capable of capturing transient biological phenomena. We used SPIM to visualize all muscles in vivo in the transgenic Medaka line Arnie, which expresses green fluorescent protein in muscle tissue. We also demonstrate that SPIM can be applied to visualize the embryogenesis of the relatively opaque Drosophila melanogaster in vivo.},
	issn = {0036-8075},
	URL = {https://science.sciencemag.org/content/305/5686/1007},
	eprint = {https://science.sciencemag.org/content/305/5686/1007.full.pdf},
	journal = {Science}
}

[PDF Poster] Source for using Gleason and 2D histology in prostate cancer analysis :
@article { cite_gleason_use_in_histology_poster,
	title={Topological descriptors for quantitative prostate cancer morphology analysis},
	journal={SPIE Medical Imaging, Conference on Digital Pathology},
	author={P. Lawson and E. Berry and J. Quincy Brown and B. Fasy and C. Wenk},
	year={2017},
	publisher={SPIE},
	url={http://www.cs.tulane.edu/~carola/research/SPIEFinal_35x35.pdf}
}

Publication Tulane pour histologie cancer prostate :
@article{lawson2019persistent,
	title={persistent Homology for the Quantitative evaluation of Architectural Features in prostate Cancer Histology},
	author={Lawson, Peter and Sholl, Andrew B and Brown, J Quincy and Fasy, Brittany Terese and Wenk, Carola},
	journal={Scientific reports},
	volume={9},
	number={1},
	pages={1--15},
	year={2019},
	publisher={Nature Publishing Group}
}


Source for QSplat multiresolution rendering system :
@inproceedings{cite_visu_qsplat_system,
	title={QSplat: A multiresolution point rendering system for large meshes},
	author={Rusinkiewicz, Szymon and Levoy, Marc},
	booktitle={Proceedings of the 27th annual conference on Computer graphics and interactive techniques},
	pages={343--352},
	year={2000}
}

Source pour role des affordances objets 3D pour perception visuelle
@article{gibson1954visual,
	title={The visual perception of objective motion and subjective movement.},
	author={Gibson, James J},
	journal={Psychological Review},
	volume={61},
	number={5},
	pages={304},
	year={1954},
	publisher={American Psychological Association}
}

Source pour visible human
@article{cite_visible_human,
	title={The Visible Human Dataset: the anatomical platform for human simulation},
	author={Spitzer, Victor M and Whitlock, David G},
	journal={The Anatomical Record: An Official Publication of the American Association of Anatomists},
	volume={253},
	number={2},
	pages={49--57},
	year={1998},
	publisher={Wiley Online Library}
}

Source pour papier séminal des octrees
@article{cite_octree,
	title = "Geometric modeling using octree encoding",
	journal = "Computer Graphics and Image Processing",
	volume = "19",
	number = "2",
	pages = "129 - 147",
	year = "1982",
	issn = "0146-664X",
	doi = "https://doi.org/10.1016/0146-664X(82)90104-6",
	url = "http://www.sciencedirect.com/science/article/pii/0146664X82901046",
	author = "Donald Meagher",
}

Source pour BSP trees dans l'infographique
@article{cite_bsp_tree,
	author = {Fuchs, Henry and Kedem, Zvi M. and Naylor, Bruce F.},
	title = {On Visible Surface Generation by a Priori Tree Structures},
	year = {1980},
	issue_date = {July 1980},
	publisher = {Association for Computing Machinery},
	address = {New York, NY, USA},
	volume = {14},
	number = {3},
	issn = {0097-8930},
	url = {https://doi.org/10.1145/965105.807481},
	doi = {10.1145/965105.807481},
	journal = {SIGGRAPH Comput. Graph.},
	month = jul,
	pages = {124–133},
	numpages = {10}
}

Source pour kdtrees
@article{cite_kd_tree,
	author = {Bentley, Jon Louis},
	title = {Multidimensional Binary Search Trees Used for Associative Searching},
	year = {1975},
	issue_date = {Sept. 1975},
	publisher = {Association for Computing Machinery},
	address = {New York, NY, USA},
	volume = {18},
	number = {9},
	issn = {0001-0782},
	url = {https://doi.org/10.1145/361002.361007},
	doi = {10.1145/361002.361007},
	journal = {Commun. ACM},
	month = sep,
	pages = {509–517},
	numpages = {9},
	keywords = {partial match queries, associative retrieval, binary search trees, information retrieval system, binary tree insertion, attribute, nearest neighbor queries, intersection queries, key}
}

